@book{world1991basic,
  title={Basic laboratory methods in medical parasitology},
  author={World Health Organization and others},
  year={1991},
  publisher={World Health Organization}
}

@article{hanna2019whole,
  title={Whole slide imaging equivalency and efficiency study: experience at a large academic center},
  author={Hanna, Matthew G and Reuter, Victor E and Hameed, Meera R and Tan, Lee K and Chiang, Sarah and Sigel, Carlie and Hollmann, Travis and Giri, Dilip and Samboy, Jennifer and Moradel, Carlos and others},
  journal={Modern Pathology},
  volume={32},
  number={7},
  pages={916--928},
  year={2019},
  publisher={Nature Publishing Group}
}

